@article{lin1973,
	author  = {Shen Lin and Brian W. Kernighan},
	title   = {An Effective Heuristic Algorithm for the
	           Travelling-Salesman Problem},
	journal = {Operations Research},
	volume  = {21},
	year    = {1973},
	pages   = {498--516},
}
